<?xml version="1.0" encoding="UTF-8"?><collection xmlns="http://www.loc.gov/MARC21/slim"><record><leader>00418nam--2200169-i-4500</leader><controlfield tag="001">000037864</controlfield><controlfield tag="002">20161230</controlfield><controlfield tag="005">20161230201041</controlfield><controlfield tag="008">060222s1000------------r-----000-0-rum-d</controlfield><datafield ind1=" " ind2=" " tag="041"><subfield code="a">rum</subfield></datafield><datafield ind1=" " ind2=" " tag="080"><subfield code="a">531(076.1)</subfield></datafield><datafield ind1="1" ind2=" " tag="100"><subfield code="a">Radu,Anton</subfield></datafield><datafield ind1="1" ind2="0" tag="245"><subfield code="a">Probleme de mecanica</subfield><subfield code="c">Anton Radu</subfield></datafield><datafield ind1=" " ind2=" " tag="260"><subfield code="a">Bucuresti,Ed.Didactica Si Pedagogica, 1978</subfield></datafield><datafield ind1=" " ind2=" " tag="300"><subfield code="a">480 P</subfield></datafield><datafield ind1=" " ind2=" " tag="852"><subfield code="a">45825</subfield><subfield code="c">531</subfield></datafield><datafield ind1=" " ind2=" " tag="CAT"><subfield code="a">Sys</subfield><subfield code="c">20100630</subfield><subfield code="h">090211</subfield></datafield></record></collection>